@article{hotelling1933analysis,
  title={Analysis of a complex of statistical variables into principal components.},
  author={Hotelling, Harold},
  journal={Journal of educational psychology},
  volume={24},
  number={6},
  pages={417},
  year={1933},
  publisher={Warwick \& York}
}

@article{pearson1901liii,
	title={LIII. On lines and planes of closest fit to systems of points in space},
	author={Pearson, Karl},
	journal={The London, Edinburgh, and Dublin Philosophical Magazine and Journal of Science},
	volume={2},
	number={11},
	pages={559--572},
	year={1901},
	publisher={Taylor \& Francis}
}

@book{shalev2014understanding,
	title={Understanding machine learning: From theory to algorithms},
	author={Shalev-Shwartz, Shai and Ben-David, Shai},
	year={2014},
	publisher={Cambridge University Press}
}

@article{nadler2008finite,
	title={Finite sample approximation results for principal component analysis: A matrix perturbation approach},
	author={Nadler, Boaz},
	journal={The Annals of Statistics},
	pages={2791--2817},
	year={2008},
	publisher={JSTOR}
}